@misc{blah,
    title="Sun Fact Sheet",
    author="David Williams",
    organization="NASA",
    day="17",
    month="November",
    year = "1973",
    url="https://nssdc.gsfc.nasa.gov/planetary/factsheet/sunfact.html"
}